<collection xmlns="http://www.loc.gov/MARC21/slim">
   <record>
      <leader>01979nam a2200433oa 4500</leader>
      <controlfield tag="001">6807466</controlfield>
      <controlfield tag="003">CaONFJC</controlfield>
      <controlfield tag="005">20150212061751.0</controlfield>
      <controlfield tag="006">m     o  d        </controlfield>
      <controlfield tag="007">cr||n|||||||||</controlfield>
      <controlfield tag="008">150207s2015    enk     ob    001 0 eng d</controlfield>
      <datafield ind1=" " ind2=" " tag="020">
         <subfield code="a">9781782412953</subfield>
      </datafield>
      <datafield ind1=" " ind2=" " tag="020">
         <subfield code="a">1782412956</subfield>
      </datafield>
      <datafield ind1=" " ind2=" " tag="020">
         <subfield code="a">9781782201304 (print)</subfield>
      </datafield>
      <datafield ind1=" " ind2=" " tag="020">
         <subfield code="a">9781322874951 (MyiLibrary)</subfield>
      </datafield>
      <datafield ind1=" " ind2=" " tag="037">
         <subfield code="a">718777</subfield>
         <subfield code="b">MIL</subfield>
      </datafield>
      <datafield ind1=" " ind2=" " tag="039">
         <subfield code="a">exclude</subfield>
      </datafield>
      <datafield ind1=" " ind2=" " tag="040">
         <subfield code="a">CaONFJC</subfield>
         <subfield code="c">CaONFJC</subfield>
         <subfield code="d">AEU</subfield>
      </datafield>
      <datafield ind1=" " ind2="4" tag="050">
         <subfield code="a">BF173.J85</subfield>
         <subfield code="b">P384 2015</subfield>
      </datafield>
      <datafield ind1="0" ind2="4" tag="082">
         <subfield code="a">150.19/54</subfield>
         <subfield code="2">23</subfield>
      </datafield>
      <datafield ind1=" " ind2=" " tag="090">
         <subfield code="a">Internet Access</subfield>
         <subfield code="b">AEGMCT</subfield>
      </datafield>
      <datafield ind1=" " ind2=" " tag="091">
         <subfield code="a">DO NOT ADD TO THIS RECORD - PSA PROJECT</subfield>
      </datafield>
      <datafield ind1="1" ind2=" " tag="100">
         <subfield code="a">Pilard, Nathalie.</subfield>
         <subfield code="0">http://id.loc.gov/authorities/names/n2015184891</subfield>
         <subfield code="0">http://viaf.org/viaf/149466773</subfield>
      </datafield>
      <datafield ind1="1" ind2="0" tag="245">
         <subfield code="a">Jung and intuition</subfield>
         <subfield code="h">[electronic resource] :</subfield>
         <subfield code="b">on the centrality and variety of forms of intuition in Jung and post-Jungians /</subfield>
         <subfield code="c">Nathalie Pilard.</subfield>
      </datafield>
      <datafield ind1=" " ind2=" " tag="260">
         <subfield code="a">London :</subfield>
         <subfield code="b">Karnac Books,</subfield>
         <subfield code="c">2015.</subfield>
      </datafield>
      <datafield ind1=" " ind2=" " tag="300">
         <subfield code="a">1 online resource (xviii, 301 p.)</subfield>
      </datafield>
      <datafield ind1=" " ind2=" " tag="336">
         <subfield code="a">text</subfield>
         <subfield code="b">txt</subfield>
         <subfield code="2">rdacontent</subfield>
         <subfield code="0">http://id.loc.gov/vocabulary/contentTypes/txt</subfield>
      </datafield>
      <datafield ind1=" " ind2=" " tag="337">
         <subfield code="a">computer</subfield>
         <subfield code="b">c</subfield>
         <subfield code="2">rdamedia</subfield>
         <subfield code="0">http://id.loc.gov/vocabulary/mediaTypes/c</subfield>
      </datafield>
      <datafield ind1=" " ind2=" " tag="338">
         <subfield code="a">online resource</subfield>
         <subfield code="b">cr</subfield>
         <subfield code="2">rdacarrier</subfield>
         <subfield code="0">http://id.loc.gov/vocabulary/carriers/cr</subfield>
      </datafield>
      <datafield ind1=" " ind2=" " tag="504">
         <subfield code="a">Includes bibliographical references (p. 277-292) and index.</subfield>
      </datafield>
      <datafield ind1=" " ind2=" " tag="506">
         <subfield code="a">Access restricted to authorized users and institutions.</subfield>
      </datafield>
      <datafield ind1=" " ind2=" " tag="596">
         <subfield code="a">57</subfield>
      </datafield>
      <datafield ind1=" " ind2="0" tag="650">
         <subfield code="a">Jungian psychology.</subfield>
         <subfield code="0">http://id.loc.gov/authorities/subjects/sh95006221</subfield>
      </datafield>
      <datafield ind1=" " ind2="0" tag="650">
         <subfield code="a">Intuition.</subfield>
         <subfield code="0">http://id.loc.gov/authorities/subjects/sh85067653</subfield>
      </datafield>
      <datafield ind1=" " ind2=" " tag="758">
         <subfield code="0">http://worldcat.org/entity/work/id/472255962</subfield>
      </datafield>
      <datafield ind1="0" ind2=" " tag="787">
         <subfield code="n">OCLC Work Id</subfield>
         <subfield code="o">http://worldcat.org/entity/work/id/472255962</subfield>
      </datafield>
      <datafield ind1="4" ind2="0" tag="856">
         <subfield code="3">MacEwan University Access</subfield>
         <subfield code="u">http://lib.myilibrary.com/detail.asp?ID=718777</subfield>
         <subfield code="z">(Single User Access)</subfield>
      </datafield>
      <datafield ind1=" " ind2=" " tag="949">
         <subfield code="w">ORDER</subfield>
         <subfield code="h">UAIN</subfield>
         <subfield code="m">GR_MAC_INT</subfield>
         <subfield code="z">MILGMPSA</subfield>
      </datafield>
      <datafield ind1=" " ind2=" " tag="926">
         <subfield code="a">Internet Access</subfield>
         <subfield code="w">ORDER</subfield>
         <subfield code="c">1</subfield>
         <subfield code="i">6807466-1001</subfield>
         <subfield code="l">INTERNET</subfield>
         <subfield code="m">GR_MAC_INT</subfield>
         <subfield code="r">Y</subfield>
         <subfield code="s">Y</subfield>
         <subfield code="t">E-RESOURCE</subfield>
         <subfield code="u">2/19/2015</subfield>
         <subfield code="x">E-BOOK</subfield>
         <subfield code="z">MILGMPSA</subfield>
      </datafield>
   </record>
</collection>
